<record><leader>00000cas a22000001a 4500</leader><controlfield tag="001">38136082</controlfield><controlfield tag="007">hd bfu---buau</controlfield><controlfield tag="008">971227d18801uuumauwr nea     0    0eng c</controlfield><datafield ind1=" " ind2=" " tag="010"><subfield code="a">sn 94096495 </subfield></datafield><datafield ind1=" " ind2=" " tag="040"><subfield code="a">MB</subfield><subfield code="b">eng</subfield><subfield code="c">RQM</subfield><subfield code="d">OCLCQ</subfield></datafield><datafield ind1=" " ind2=" " tag="012"><subfield code="i">9712</subfield></datafield><datafield ind1=" " ind2=" " tag="042"><subfield code="a">pcc</subfield></datafield><datafield ind1="0" ind2="0" tag="245"><subfield code="a">Out-door sports</subfield><subfield code="h">[microform].</subfield></datafield><datafield ind1=" " ind2=" " tag="260"><subfield code="a">Springfield, Mass. :</subfield><subfield code="b">F.L. Ballard &amp; Co.</subfield></datafield><datafield ind1=" " ind2=" " tag="300"><subfield code="a">v.</subfield></datafield><datafield ind1=" " ind2=" " tag="310"><subfield code="a">Weekly</subfield></datafield><datafield ind1="0" ind2=" " tag="362"><subfield code="a">Vol. 1, no. 1 (Apr. 2, 1880)-</subfield></datafield><datafield ind1=" " ind2=" " tag="500"><subfield code="a">Microfilm GV54 .M4 O 97.</subfield></datafield><datafield ind1=" " ind2=" " tag="533"><subfield code="a">Microfilm.</subfield><subfield code="m">v.1:no. 1-v.1:no. 11 (Apr. 2-June 11,1880)</subfield><subfield code="b">Cambridge, Mass. :</subfield><subfield code="c">General Microfilm Company.</subfield><subfield code="e">1 microfilm reel ; 35 mm.</subfield><subfield code="n">Master microform held by: MB.</subfield></datafield><datafield ind1=" " ind2=" " tag="752"><subfield code="a">United States</subfield><subfield code="b">Massachusetts</subfield><subfield code="c">Hampden</subfield><subfield code="d">Springfield.</subfield></datafield><datafield ind1="1" ind2=" " tag="776"><subfield code="c">Original</subfield><subfield code="w">(DLC)sn 89062551</subfield></datafield><datafield ind1=" " ind2=" " tag="850"><subfield code="a">MB</subfield><subfield code="a">MB (master)</subfield></datafield><datafield ind1="1" ind2=" " tag="029"><subfield code="a">AU@</subfield><subfield code="b">000025871101</subfield></datafield></record>